<record><leader>00000cas a2200000 a 4500</leader><controlfield tag="001">31423175</controlfield><controlfield tag="007">hd afb---baca</controlfield><controlfield tag="007">hd bfb---baaa</controlfield><controlfield tag="008">941108d19201961gs ir nea     0   c0rusoc</controlfield><datafield ind1=" " ind2=" " tag="010"><subfield code="a">sn2008058103</subfield></datafield><datafield ind1=" " ind2=" " tag="040"><subfield code="a">UIU</subfield><subfield code="b">eng</subfield><subfield code="c">UIU</subfield><subfield code="d">OCL</subfield><subfield code="d">OCLCQ</subfield><subfield code="d">DLC</subfield><subfield code="d">OCLCQ</subfield><subfield code="d">OCLCO</subfield><subfield code="d">OCLCQ</subfield></datafield><datafield ind1=" " ind2=" " tag="042"><subfield code="a">pcc</subfield></datafield><datafield ind1=" " ind2=" " tag="043"><subfield code="a">a-gs---</subfield></datafield><datafield ind1="0" ind2="0" tag="050"><subfield code="a">Newspaper</subfield></datafield><datafield ind1="0" ind2="4" tag="082"><subfield code="a">369.405</subfield><subfield code="b">MOS</subfield><subfield code="2">20</subfield></datafield><datafield ind1="0" ind2="4" tag="082"><subfield code="a">369.405</subfield><subfield code="b">MOS</subfield></datafield><datafield ind1="0" ind2="0" tag="245"><subfield code="a">Molodoi&#774; stalinet&#65056;s&#65057; /</subfield><subfield code="c">organ T&#65056;S&#65057;entral&#697;nogo komiteta LKSM Gruzii.</subfield></datafield><datafield ind1=" " ind2=" " tag="260"><subfield code="a">Tbilisi :</subfield><subfield code="b">T&#65056;S&#65057;entral&#697;nyi&#774; komitet LKSM Gruzii,</subfield><subfield code="c">1920-1961.</subfield></datafield><datafield ind1=" " ind2=" " tag="300"><subfield code="a">volumes</subfield></datafield><datafield ind1=" " ind2=" " tag="310"><subfield code="a">Triweekly on Tuesday, Thursday, and Saturday.</subfield></datafield><datafield ind1=" " ind2=" " tag="336"><subfield code="a">text</subfield><subfield code="b">txt</subfield><subfield code="2">rdacontent</subfield></datafield><datafield ind1=" " ind2=" " tag="337"><subfield code="a">microform</subfield><subfield code="b">h</subfield><subfield code="2">rdamedia</subfield></datafield><datafield ind1=" " ind2=" " tag="338"><subfield code="a">microfilm reel</subfield><subfield code="b">hd</subfield><subfield code="2">rdacarrier</subfield></datafield><datafield ind1="1" ind2=" " tag="362"><subfield code="a">Began 31 mai 1920; publication ceased 16 Nov. 1961, no. 131.</subfield><subfield code="z">Cf. Letopis&#697; periodicheskikh izdanii SSSR, 1961-1965, p. 394, item #3122.</subfield></datafield><datafield ind1=" " ind2=" " tag="588"><subfield code="a">Description based on G. 36, no. 155 (dek. 1956).</subfield></datafield><datafield ind1=" " ind2=" " tag="588"><subfield code="a">Latest issue consulted: G.42, no. 131 (5670) (16 noi&#65056;a&#65057;br&#697; 1961).</subfield></datafield><datafield ind1=" " ind2=" " tag="533"><subfield code="a">Microfilm.</subfield><subfield code="b">Washington, D.C. :</subfield><subfield code="c">Library of Congress, Photoduplication Service.</subfield><subfield code="e">microfilm reels ; 35 mm.</subfield></datafield><datafield ind1="2" ind2="0" tag="610"><subfield code="a">Leninskii&#774; kommunisticheskii&#774; soi&#65056;u&#65057;z molodezhi Gruzii</subfield><subfield code="v">Newspapers.</subfield></datafield><datafield ind1=" " ind2="0" tag="650"><subfield code="a">Youth</subfield><subfield code="z">Georgia (Republic)</subfield><subfield code="v">Newspapers.</subfield></datafield><datafield ind1="2" ind2=" " tag="710"><subfield code="a">Leninskii&#774; komsomolskii&#774; soi&#65056;u&#65057;z molodezhi Gruzii.</subfield><subfield code="b">T&#65056;S&#65057;entral&#697;nyi&#774; komitet.</subfield></datafield><datafield ind1=" " ind2=" " tag="752"><subfield code="a">Georgia (Republic)</subfield><subfield code="d">T&#699;bilisi.</subfield></datafield><datafield ind1="0" ind2="0" tag="785"><subfield code="t">Molodezh&#697; Gruzii</subfield></datafield></record>